<record><leader>00000cas a22000007a 4500</leader><controlfield tag="001">20614967</controlfield><controlfield tag="008">891108d19361937nduwr ne      0    0eng d</controlfield><datafield ind1=" " ind2=" " tag="010"><subfield code="a">sn 89074370 </subfield></datafield><datafield ind1=" " ind2=" " tag="040"><subfield code="a">NOP</subfield><subfield code="b">eng</subfield><subfield code="c">NOP</subfield><subfield code="d">OCLCQ</subfield><subfield code="d">OCLCF</subfield><subfield code="d">OCLCO</subfield></datafield><datafield ind1="1" ind2=" " tag="029"><subfield code="a">AU@</subfield><subfield code="b">000025874429</subfield></datafield><datafield ind1=" " ind2=" " tag="042"><subfield code="a">msc</subfield></datafield><datafield ind1=" " ind2=" " tag="043"><subfield code="a">n-us-nd</subfield></datafield><datafield ind1="0" ind2=" " tag="130"><subfield code="a">North Dakota Nonpartisan (Bismarck, N.D. : 1936)</subfield></datafield><datafield ind1="1" ind2="4" tag="245"><subfield code="a">The North Dakota Nonpartisan.</subfield></datafield><datafield ind1=" " ind2=" " tag="260"><subfield code="a">Bismarck, N.D. :</subfield><subfield code="b">Nonpartisan League of North Dakota</subfield></datafield><datafield ind1=" " ind2=" " tag="300"><subfield code="a">v. :</subfield><subfield code="b">ill. ;</subfield><subfield code="c">43-57 cm.</subfield></datafield><datafield ind1=" " ind2=" " tag="310"><subfield code="a">Weekly</subfield></datafield><datafield ind1="0" ind2=" " tag="362"><subfield code="a">Vol. 1, no. 1 (Mar. 11, 1936)-</subfield></datafield><datafield ind1="1" ind2=" " tag="362"><subfield code="a">Ceased in 1937?</subfield></datafield><datafield ind1=" " ind2=" " tag="500"><subfield code="a">"Official Publication of the Nonpartisan League of North Dakota", 1936-1937.</subfield></datafield><datafield ind1=" " ind2=" " tag="530"><subfield code="a">Available on microfilm from the State Historical Society of North Dakota.</subfield></datafield><datafield ind1="2" ind2="0" tag="610"><subfield code="a">National Nonpartisan League</subfield><subfield code="z">North Dakota</subfield><subfield code="v">Newspapers.</subfield></datafield><datafield ind1=" " ind2="7" tag="655"><subfield code="a">Newspapers.</subfield><subfield code="2">fast</subfield><subfield code="0">(OCoLC)fst01423814</subfield></datafield><datafield ind1="2" ind2="7" tag="610"><subfield code="a">National Nonpartisan League.</subfield><subfield code="2">fast</subfield><subfield code="0">(OCoLC)fst00516027</subfield></datafield><datafield ind1=" " ind2="7" tag="651"><subfield code="a">North Dakota.</subfield><subfield code="2">fast</subfield><subfield code="0">(OCoLC)fst01205582</subfield></datafield><datafield ind1=" " ind2=" " tag="752"><subfield code="a">United States</subfield><subfield code="b">North Dakota</subfield><subfield code="c">Burleigh</subfield><subfield code="d">Bismarck.</subfield></datafield></record>